@online{vaswani2017attention,
  title         = {Attention Is All You Need},
  author        = {Ashish Vaswani and Noam Shazeer and Niki Parmar and Jakob Uszkoreit and Llion Jones and Aidan N. Gomez and Lukasz Kaiser and Illia Polosukhin},
  year          = {2017},
  eprint        = {1706.03762},
  archiveprefix = {arXiv},
  primaryclass  = {cs.CL}
}

@misc{wu2020visual,
  title         = {Visual Transformers: Token-based Image Representation and Processing for Computer Vision},
  author        = {Bichen Wu and Chenfeng Xu and Xiaoliang Dai and Alvin Wan and Peizhao Zhang and Zhicheng Yan and Masayoshi Tomizuka and Joseph Gonzalez and Kurt Keutzer and Peter Vajda},
  year          = {2020},
  eprint        = {2006.03677},
  archiveprefix = {arXiv},
  primaryclass  = {cs.CV}
}